@book{griffiths_2018, 
      place={Cambridge},
      title={Introduction to electrodynamics},
      publisher={Cambridge University Press},
      author={Griffiths, David Jeffrey},
      year={2018}}